@book{collet,   
    author = {David Collet},   
    title = {Modelling survival data in medical research},   
    year = {2003},
    publisher = {Chapman & Hall/CRC}
}

@article{clark03,   
    author = {Clark, T. G., Bradburn, M. J., Love, S. B., & Altman, D. G.},   
    title = {Survival analysis part I: basic concepts and first analyses},   
    year = {2003},
    journal = {British journal of cancer}, 
    month = may,
    url = {https://www.ncbi.nlm.nih.gov/pmc/articles/PMC2394262/}
}

@article{fedesoriano,   
    author = {Fedesoriano},   
    title = {Cirrhosis Prediction Dataset},   
    year = {2021},
    month = august,
    day = {2},
    url = {www.kaggle.com/datasets/fedesoriano/cirrhosis-prediction-dataset/data}
}

@article{goel10,   
    author = {Goel, M. K., Khanna, P., & Kishore, J.},   
    title = {Understanding survival analysis: Kaplan-Meier estimate},   
    year = {2010},
    journal = {International journal of Ayurveda research}, 
    month = october,
    url = {https://www.ncbi.nlm.nih.gov/pmc/articles/PMC3059453}
}

@article{rao23,   
    author = {Rao, S. R., & Schoenfeld, D. A.},   
    title = {Statistical primer for cardiovascular research},   
    year = {2023},
    journal = {AHA journals}, 
    month = september,
    url = {https://www.ahajournals.org/doi/pdf/10.1161/circulationaha.106.614859}
}

@article{rich10,   
    author = {Rich, J. T., Neely, J. G., Paniello, R. C., Voelker, C. C. J., Nussenbaum, B., & Wang, E. W.},   
    title = {A practical guide to understanding kaplan-meier curves},   
    year = {2010},
    journal = {Otolaryngology--head and neck surgery: official journal of American Academy of Otolaryngology-Head and Neck Surgery}, 
    month = september,
    url = {https://www.ncbi.nlm.nih.gov/pmc/articles/PMC3932959/}
}

@article{sullivan16,   
    author = {Sullivan, L., LaMorte, W. W.},
    title = {Comparing Survival Curves},  
    year = 2016, 
    month = june, 
    day = 3,
    url = {sphweb.bumc.bu.edu/otlt/mph-modules/bs/bs704_survival/BS704_Survival5.html}, 
}

@article{zabor23,   
    author = {Zabor, E. C.},   
    title = {Survival Analysis in R},   
    year = {2023},
    month = june,
    url = {https://www.emilyzabor.com/tutorials/survival_analysis_in_r_tutorial.html}
}

@article{sthda,   
    title = {Cox Proportional-Hazards Model},  
    url = {www.sthda.com/english/wiki/cox-proportional-hazards-model}, 
}

@article{waagepetersen22,   
    author = {Waagepetersen, Rasmus},   
    title = {Cox’s proportional hazards model and Cox’s partial likelihood},   
    year = {2022},
    month = october,
    day = 6,
    url = {https://people.math.aau.dk/~rw/Undervisning/DurationAnalysis/Slides/lektion3.pdf}
}

@INPROCEEDINGS{1467360,
  author={Dalal, N. and Triggs, B.},
  booktitle={2005 IEEE Computer Society Conference on Computer Vision and Pattern Recognition (CVPR'05)}, 
  title={Histograms of oriented gradients for human detection}, 
  year={2005},
  volume={1},
  number={},
  pages={886-893 vol. 1},
  keywords={Histograms;Humans;Robustness;Object recognition;Support vector machines;Object detection;Testing;Image edge detection;High performance computing;Image databases},
  doi={10.1109/CVPR.2005.177}}
  
  @book{Kimmerer_2020, 
  place={Minneapolis, MN}, 
  title={Braiding Sweetgrass: Indigenous Wisdom, scientific knowledge, and the teachings of plants}, 
  publisher={Milkweed Editions}, 
  author={Kimmerer, Robin Wall}, 
  year={2020}} 


https://sphweb.bumc.bu.edu/otlt/mph-modules/bs/bs704_survival/BS704_Survival6.html

https://www.ncbi.nlm.nih.gov/pmc/articles/PMC8651375/


https://www.graphpad.com/guides/prism/latest/statistics/stat_kaplan-meier_mathematics.htm

https://www.statsdirect.com/help/survival_analysis/cox_regression.htm

https://datatab.net/tutorial/log-rank-test
