
@INPROCEEDINGS{1467360,
  author={Dalal, N. and Triggs, B.},
  booktitle={2005 IEEE Computer Society Conference on Computer Vision and Pattern Recognition (CVPR'05)}, 
  title={Histograms of oriented gradients for human detection}, 
  year={2005},
  volume={1},
  number={},
  pages={886-893 vol. 1},
  keywords={Histograms;Humans;Robustness;Object recognition;Support vector machines;Object detection;Testing;Image edge detection;High performance computing;Image databases},
  doi={10.1109/CVPR.2005.177}}
  
  @book{Kimmerer_2020, 
  place={Minneapolis, MN}, 
  title={Braiding Sweetgrass: Indigenous Wisdom, scientific knowledge, and the teachings of plants}, 
  publisher={Milkweed Editions}, 
  author={Kimmerer, Robin Wall}, 
  year={2020}} 
  
  @misc{Singh_2024, 
  title={Feature engineering for images: A valuable introduction to the Hog Feature descriptor}, 
  url={https://www.analyticsvidhya.com/blog/2019/09/feature-engineering-images-introduction-hog-feature-descriptor/}, 
  journal={Analytics Vidhya}, 
  author={Singh, Aishwarya}, 
  year={2024}, 
  month={Feb}} 
